@Manual{raf,
	title = {Introduction to Data Science},
	OPTkey = {key},
	author = {Rafael A. Irizarry},
	organization = {HarvardX},
	address = { https://rafalab.github.io/dsbook/},
	OPTedition = {edition},
	OPTmonth = {month},
	OPTyear = {year},
	OPTnote = {note},
	annote = {Creative Commons Attribution-NonCommercial-ShareAlike 4.0 International (CC BY-NC-SA 4.0)},
}

@inproceedings{Mustafa2021,
	title={End-to-end Machine Learning Regression Project},
	author={Mustafa Batuhan Ermis},
	year={2021},
	url={https://www.kaggle.com/code/ermismbatuhan/end-to-end-machine-learning-regression-project}
}